%YAML 1.1
%TAG !u! tag:unity3d.com,2011:
--- !u!1 &1888136086528984557
GameObject:
  m_ObjectHideFlags: 0
  m_CorrespondingSourceObject: {fileID: 0}
  m_PrefabInstance: {fileID: 0}
  m_PrefabAsset: {fileID: 0}
  serializedVersion: 6
  m_Component:
  - component: {fileID: 1471021910773912959}
  - component: {fileID: 6664720310400799508}
  m_Layer: 9
  m_Name: Collision
  m_TagString: Untagged
  m_Icon: {fileID: 0}
  m_NavMeshLayer: 0
  m_StaticEditorFlags: 0
  m_IsActive: 1
--- !u!4 &1471021910773912959
Transform:
  m_ObjectHideFlags: 0
  m_CorrespondingSourceObject: {fileID: 0}
  m_PrefabInstance: {fileID: 0}
  m_PrefabAsset: {fileID: 0}
  m_GameObject: {fileID: 1888136086528984557}
  m_LocalRotation: {x: 0, y: 0, z: 0, w: 1}
  m_LocalPosition: {x: 0, y: 0.17, z: 0}
  m_LocalScale: {x: 2.3005204, y: 2.3033612, z: 2.6355119}
  m_Children: []
  m_Father: {fileID: 6732537597355885684}
  m_RootOrder: 1
  m_LocalEulerAnglesHint: {x: 0, y: 0, z: 0}
--- !u!65 &6664720310400799508
BoxCollider:
  m_ObjectHideFlags: 0
  m_CorrespondingSourceObject: {fileID: 0}
  m_PrefabInstance: {fileID: 0}
  m_PrefabAsset: {fileID: 0}
  m_GameObject: {fileID: 1888136086528984557}
  m_Material: {fileID: 0}
  m_IsTrigger: 0
  m_Enabled: 1
  serializedVersion: 2
  m_Size: {x: 0.1, y: 0.05, z: 0.1}
  m_Center: {x: 0, y: 0, z: 0}
--- !u!1 &2354497168786162632
GameObject:
  m_ObjectHideFlags: 0
  m_CorrespondingSourceObject: {fileID: 0}
  m_PrefabInstance: {fileID: 0}
  m_PrefabAsset: {fileID: 0}
  serializedVersion: 6
  m_Component:
  - component: {fileID: 7430438526388200415}
  m_Layer: 9
  m_Name: Art
  m_TagString: Untagged
  m_Icon: {fileID: 0}
  m_NavMeshLayer: 0
  m_StaticEditorFlags: 0
  m_IsActive: 1
--- !u!4 &7430438526388200415
Transform:
  m_ObjectHideFlags: 0
  m_CorrespondingSourceObject: {fileID: 0}
  m_PrefabInstance: {fileID: 0}
  m_PrefabAsset: {fileID: 0}
  m_GameObject: {fileID: 2354497168786162632}
  m_LocalRotation: {x: 0, y: 0, z: 0, w: 1}
  m_LocalPosition: {x: 0, y: 0, z: 0}
  m_LocalScale: {x: 18, y: 18, z: 18}
  m_Children:
  - {fileID: 2928460931911967970}
  m_Father: {fileID: 6732537597355885684}
  m_RootOrder: 0
  m_LocalEulerAnglesHint: {x: 0, y: 0, z: 0}
--- !u!1 &6732537597355885689
GameObject:
  m_ObjectHideFlags: 0
  m_CorrespondingSourceObject: {fileID: 0}
  m_PrefabInstance: {fileID: 0}
  m_PrefabAsset: {fileID: 0}
  serializedVersion: 6
  m_Component:
  - component: {fileID: 6732537597355885684}
  - component: {fileID: 8298102933398027629}
  m_Layer: 9
  m_Name: Olive (Senjed)
  m_TagString: Untagged
  m_Icon: {fileID: 0}
  m_NavMeshLayer: 0
  m_StaticEditorFlags: 0
  m_IsActive: 1
--- !u!4 &6732537597355885684
Transform:
  m_ObjectHideFlags: 0
  m_CorrespondingSourceObject: {fileID: 0}
  m_PrefabInstance: {fileID: 0}
  m_PrefabAsset: {fileID: 0}
  m_GameObject: {fileID: 6732537597355885689}
  m_LocalRotation: {x: 0, y: 0, z: 0, w: 1}
  m_LocalPosition: {x: -4.237405, y: 0.6122198, z: 3.2659585}
  m_LocalScale: {x: 1, y: 1, z: 1}
  m_Children:
  - {fileID: 7430438526388200415}
  - {fileID: 1471021910773912959}
  m_Father: {fileID: 0}
  m_RootOrder: 0
  m_LocalEulerAnglesHint: {x: 0, y: 0, z: 0}
--- !u!54 &8298102933398027629
Rigidbody:
  m_ObjectHideFlags: 0
  m_CorrespondingSourceObject: {fileID: 0}
  m_PrefabInstance: {fileID: 0}
  m_PrefabAsset: {fileID: 0}
  m_GameObject: {fileID: 6732537597355885689}
  serializedVersion: 2
  m_Mass: 1
  m_Drag: 0
  m_AngularDrag: 0.05
  m_UseGravity: 1
  m_IsKinematic: 0
  m_Interpolate: 0
  m_Constraints: 0
  m_CollisionDetection: 0
--- !u!1001 &3398320849840079625
PrefabInstance:
  m_ObjectHideFlags: 0
  serializedVersion: 2
  m_Modification:
    m_TransformParent: {fileID: 7430438526388200415}
    m_Modifications:
    - target: {fileID: -8679921383154817045, guid: 3112abf5f830d584e8d7f223a0508211,
        type: 3}
      propertyPath: m_LocalPosition.x
      value: 0
      objectReference: {fileID: 0}
    - target: {fileID: -8679921383154817045, guid: 3112abf5f830d584e8d7f223a0508211,
        type: 3}
      propertyPath: m_LocalPosition.y
      value: 0
      objectReference: {fileID: 0}
    - target: {fileID: -8679921383154817045, guid: 3112abf5f830d584e8d7f223a0508211,
        type: 3}
      propertyPath: m_LocalPosition.z
      value: 0
      objectReference: {fileID: 0}
    - target: {fileID: -8679921383154817045, guid: 3112abf5f830d584e8d7f223a0508211,
        type: 3}
      propertyPath: m_LocalRotation.x
      value: -0.7071068
      objectReference: {fileID: 0}
    - target: {fileID: -8679921383154817045, guid: 3112abf5f830d584e8d7f223a0508211,
        type: 3}
      propertyPath: m_LocalRotation.y
      value: -0
      objectReference: {fileID: 0}
    - target: {fileID: -8679921383154817045, guid: 3112abf5f830d584e8d7f223a0508211,
        type: 3}
      propertyPath: m_LocalRotation.z
      value: -0
      objectReference: {fileID: 0}
    - target: {fileID: -8679921383154817045, guid: 3112abf5f830d584e8d7f223a0508211,
        type: 3}
      propertyPath: m_LocalRotation.w
      value: 0.7071067
      objectReference: {fileID: 0}
    - target: {fileID: -8679921383154817045, guid: 3112abf5f830d584e8d7f223a0508211,
        type: 3}
      propertyPath: m_RootOrder
      value: 0
      objectReference: {fileID: 0}
    - target: {fileID: -8679921383154817045, guid: 3112abf5f830d584e8d7f223a0508211,
        type: 3}
      propertyPath: m_LocalEulerAnglesHint.x
      value: 0
      objectReference: {fileID: 0}
    - target: {fileID: -8679921383154817045, guid: 3112abf5f830d584e8d7f223a0508211,
        type: 3}
      propertyPath: m_LocalEulerAnglesHint.y
      value: 0
      objectReference: {fileID: 0}
    - target: {fileID: -8679921383154817045, guid: 3112abf5f830d584e8d7f223a0508211,
        type: 3}
      propertyPath: m_LocalEulerAnglesHint.z
      value: 0
      objectReference: {fileID: 0}
    - target: {fileID: -8679921383154817045, guid: 3112abf5f830d584e8d7f223a0508211,
        type: 3}
      propertyPath: m_LocalScale.x
      value: 1
      objectReference: {fileID: 0}
    - target: {fileID: -8679921383154817045, guid: 3112abf5f830d584e8d7f223a0508211,
        type: 3}
      propertyPath: m_LocalScale.y
      value: 1
      objectReference: {fileID: 0}
    - target: {fileID: -8679921383154817045, guid: 3112abf5f830d584e8d7f223a0508211,
        type: 3}
      propertyPath: m_LocalScale.z
      value: 1
      objectReference: {fileID: 0}
    - target: {fileID: -7511558181221131132, guid: 3112abf5f830d584e8d7f223a0508211,
        type: 3}
      propertyPath: m_Materials.Array.data[0]
      value: 
      objectReference: {fileID: 2100000, guid: 90afb7d76cf8e9a4e88978667bfb5547, type: 2}
    - target: {fileID: -7511558181221131132, guid: 3112abf5f830d584e8d7f223a0508211,
        type: 3}
      propertyPath: m_Materials.Array.data[1]
      value: 
      objectReference: {fileID: 2100000, guid: e09d90bb0adbd5e438b8bcd68fce7249, type: 2}
    - target: {fileID: 919132149155446097, guid: 3112abf5f830d584e8d7f223a0508211,
        type: 3}
      propertyPath: m_Name
      value: Senjed
      objectReference: {fileID: 0}
    m_RemovedComponents: []
  m_SourcePrefab: {fileID: 100100000, guid: 3112abf5f830d584e8d7f223a0508211, type: 3}
--- !u!4 &2928460931911967970 stripped
Transform:
  m_CorrespondingSourceObject: {fileID: -8679921383154817045, guid: 3112abf5f830d584e8d7f223a0508211,
    type: 3}
  m_PrefabInstance: {fileID: 3398320849840079625}
  m_PrefabAsset: {fileID: 0}
