%YAML 1.1
%TAG !u! tag:unity3d.com,2011:
--- !u!1 &1769334912606764723
GameObject:
  m_ObjectHideFlags: 0
  m_CorrespondingSourceObject: {fileID: 0}
  m_PrefabInstance: {fileID: 0}
  m_PrefabAsset: {fileID: 0}
  serializedVersion: 6
  m_Component:
  - component: {fileID: 1769334912606764722}
  m_Layer: 0
  m_Name: Plant
  m_TagString: Untagged
  m_Icon: {fileID: 0}
  m_NavMeshLayer: 0
  m_StaticEditorFlags: 0
  m_IsActive: 1
--- !u!4 &1769334912606764722
Transform:
  m_ObjectHideFlags: 0
  m_CorrespondingSourceObject: {fileID: 0}
  m_PrefabInstance: {fileID: 0}
  m_PrefabAsset: {fileID: 0}
  m_GameObject: {fileID: 1769334912606764723}
  m_LocalRotation: {x: 0, y: 0, z: 0, w: 1}
  m_LocalPosition: {x: 0, y: 0.832, z: 0}
  m_LocalScale: {x: 15, y: 15, z: 15}
  m_Children:
  - {fileID: 6174852585514443896}
  m_Father: {fileID: 1769334913386418237}
  m_RootOrder: 1
  m_LocalEulerAnglesHint: {x: 0, y: 0, z: 0}
--- !u!1 &1769334913386418241
GameObject:
  m_ObjectHideFlags: 0
  m_CorrespondingSourceObject: {fileID: 0}
  m_PrefabInstance: {fileID: 0}
  m_PrefabAsset: {fileID: 0}
  serializedVersion: 6
  m_Component:
  - component: {fileID: 1769334913386418237}
  - component: {fileID: 1769334913386418238}
  - component: {fileID: 1769334913386418239}
  - component: {fileID: 1769334913386418240}
  m_Layer: 0
  m_Name: SabziWithPhysics
  m_TagString: Untagged
  m_Icon: {fileID: 0}
  m_NavMeshLayer: 0
  m_StaticEditorFlags: 0
  m_IsActive: 1
--- !u!4 &1769334913386418237
Transform:
  m_ObjectHideFlags: 0
  m_CorrespondingSourceObject: {fileID: 0}
  m_PrefabInstance: {fileID: 0}
  m_PrefabAsset: {fileID: 0}
  m_GameObject: {fileID: 1769334913386418241}
  m_LocalRotation: {x: 0, y: 0, z: 0, w: 1}
  m_LocalPosition: {x: 0, y: 0, z: 0}
  m_LocalScale: {x: 1, y: 1, z: 1}
  m_Children:
  - {fileID: 1769334914262795537}
  - {fileID: 1769334912606764722}
  m_Father: {fileID: 0}
  m_RootOrder: 0
  m_LocalEulerAnglesHint: {x: 0, y: 0, z: 0}
--- !u!54 &1769334913386418238
Rigidbody:
  m_ObjectHideFlags: 0
  m_CorrespondingSourceObject: {fileID: 0}
  m_PrefabInstance: {fileID: 0}
  m_PrefabAsset: {fileID: 0}
  m_GameObject: {fileID: 1769334913386418241}
  serializedVersion: 2
  m_Mass: 1
  m_Drag: 0
  m_AngularDrag: 0.05
  m_UseGravity: 1
  m_IsKinematic: 0
  m_Interpolate: 1
  m_Constraints: 0
  m_CollisionDetection: 0
--- !u!64 &1769334913386418239
MeshCollider:
  m_ObjectHideFlags: 0
  m_CorrespondingSourceObject: {fileID: 0}
  m_PrefabInstance: {fileID: 0}
  m_PrefabAsset: {fileID: 0}
  m_GameObject: {fileID: 1769334913386418241}
  m_Material: {fileID: 0}
  m_IsTrigger: 0
  m_Enabled: 1
  serializedVersion: 4
  m_Convex: 1
  m_CookingOptions: 30
  m_Mesh: {fileID: -8517725900640002782, guid: 83ec8a79a321f5441999fdb3c72b96ca, type: 3}
--- !u!114 &1769334913386418240
MonoBehaviour:
  m_ObjectHideFlags: 0
  m_CorrespondingSourceObject: {fileID: 0}
  m_PrefabInstance: {fileID: 0}
  m_PrefabAsset: {fileID: 0}
  m_GameObject: {fileID: 1769334913386418241}
  m_Enabled: 1
  m_EditorHideFlags: 0
  m_Script: {fileID: 11500000, guid: 35c1193badee2c34688417e5f4bb5449, type: 3}
  m_Name: 
  m_EditorClassIdentifier: 
  plantAnchorBase: {fileID: 1769334913386418237}
  plantTransform: {fileID: 1769334912606764722}
  heightOffset: 5
  trackSpeed: 4
  plantTiltClamp: 3
--- !u!1 &1769334914262795538
GameObject:
  m_ObjectHideFlags: 0
  m_CorrespondingSourceObject: {fileID: 0}
  m_PrefabInstance: {fileID: 0}
  m_PrefabAsset: {fileID: 0}
  serializedVersion: 6
  m_Component:
  - component: {fileID: 1769334914262795537}
  m_Layer: 0
  m_Name: Graphics
  m_TagString: Untagged
  m_Icon: {fileID: 0}
  m_NavMeshLayer: 0
  m_StaticEditorFlags: 0
  m_IsActive: 1
--- !u!4 &1769334914262795537
Transform:
  m_ObjectHideFlags: 0
  m_CorrespondingSourceObject: {fileID: 0}
  m_PrefabInstance: {fileID: 0}
  m_PrefabAsset: {fileID: 0}
  m_GameObject: {fileID: 1769334914262795538}
  m_LocalRotation: {x: 0, y: 0, z: 0, w: 1}
  m_LocalPosition: {x: 0, y: 0, z: 0}
  m_LocalScale: {x: 15, y: 15, z: 15}
  m_Children:
  - {fileID: 2549170942362060117}
  m_Father: {fileID: 1769334913386418237}
  m_RootOrder: 0
  m_LocalEulerAnglesHint: {x: 0, y: 0, z: 0}
--- !u!1001 &2660149679995511486
PrefabInstance:
  m_ObjectHideFlags: 0
  serializedVersion: 2
  m_Modification:
    m_TransformParent: {fileID: 1769334914262795537}
    m_Modifications:
    - target: {fileID: -8679921383154817045, guid: 9180fae0e0d972f49ab1b17250d142a4,
        type: 3}
      propertyPath: m_LocalPosition.x
      value: 0
      objectReference: {fileID: 0}
    - target: {fileID: -8679921383154817045, guid: 9180fae0e0d972f49ab1b17250d142a4,
        type: 3}
      propertyPath: m_LocalPosition.y
      value: 0
      objectReference: {fileID: 0}
    - target: {fileID: -8679921383154817045, guid: 9180fae0e0d972f49ab1b17250d142a4,
        type: 3}
      propertyPath: m_LocalPosition.z
      value: 0
      objectReference: {fileID: 0}
    - target: {fileID: -8679921383154817045, guid: 9180fae0e0d972f49ab1b17250d142a4,
        type: 3}
      propertyPath: m_LocalRotation.x
      value: -0.7071068
      objectReference: {fileID: 0}
    - target: {fileID: -8679921383154817045, guid: 9180fae0e0d972f49ab1b17250d142a4,
        type: 3}
      propertyPath: m_LocalRotation.y
      value: 0
      objectReference: {fileID: 0}
    - target: {fileID: -8679921383154817045, guid: 9180fae0e0d972f49ab1b17250d142a4,
        type: 3}
      propertyPath: m_LocalRotation.z
      value: 0
      objectReference: {fileID: 0}
    - target: {fileID: -8679921383154817045, guid: 9180fae0e0d972f49ab1b17250d142a4,
        type: 3}
      propertyPath: m_LocalRotation.w
      value: 0.7071068
      objectReference: {fileID: 0}
    - target: {fileID: -8679921383154817045, guid: 9180fae0e0d972f49ab1b17250d142a4,
        type: 3}
      propertyPath: m_RootOrder
      value: 0
      objectReference: {fileID: 0}
    - target: {fileID: -8679921383154817045, guid: 9180fae0e0d972f49ab1b17250d142a4,
        type: 3}
      propertyPath: m_LocalEulerAnglesHint.x
      value: -90
      objectReference: {fileID: 0}
    - target: {fileID: -8679921383154817045, guid: 9180fae0e0d972f49ab1b17250d142a4,
        type: 3}
      propertyPath: m_LocalEulerAnglesHint.y
      value: 0
      objectReference: {fileID: 0}
    - target: {fileID: -8679921383154817045, guid: 9180fae0e0d972f49ab1b17250d142a4,
        type: 3}
      propertyPath: m_LocalEulerAnglesHint.z
      value: 0
      objectReference: {fileID: 0}
    - target: {fileID: -8679921383154817045, guid: 9180fae0e0d972f49ab1b17250d142a4,
        type: 3}
      propertyPath: m_LocalScale.x
      value: 1
      objectReference: {fileID: 0}
    - target: {fileID: -8679921383154817045, guid: 9180fae0e0d972f49ab1b17250d142a4,
        type: 3}
      propertyPath: m_LocalScale.y
      value: 1
      objectReference: {fileID: 0}
    - target: {fileID: -8679921383154817045, guid: 9180fae0e0d972f49ab1b17250d142a4,
        type: 3}
      propertyPath: m_LocalScale.z
      value: 1
      objectReference: {fileID: 0}
    - target: {fileID: -7511558181221131132, guid: 9180fae0e0d972f49ab1b17250d142a4,
        type: 3}
      propertyPath: m_Materials.Array.data[0]
      value: 
      objectReference: {fileID: 2100000, guid: bff76af6f09a4864aabe629683c9fb35, type: 2}
    - target: {fileID: 919132149155446097, guid: 9180fae0e0d972f49ab1b17250d142a4,
        type: 3}
      propertyPath: m_Name
      value: Sabzi_Plate
      objectReference: {fileID: 0}
    m_RemovedComponents: []
  m_SourcePrefab: {fileID: 100100000, guid: 9180fae0e0d972f49ab1b17250d142a4, type: 3}
--- !u!4 &2549170942362060117 stripped
Transform:
  m_CorrespondingSourceObject: {fileID: -8679921383154817045, guid: 9180fae0e0d972f49ab1b17250d142a4,
    type: 3}
  m_PrefabInstance: {fileID: 2660149679995511486}
  m_PrefabAsset: {fileID: 0}
--- !u!1001 &5925543901355099027
PrefabInstance:
  m_ObjectHideFlags: 0
  serializedVersion: 2
  m_Modification:
    m_TransformParent: {fileID: 1769334912606764722}
    m_Modifications:
    - target: {fileID: -8679921383154817045, guid: 615d99e9345535840bde146296be2fd0,
        type: 3}
      propertyPath: m_LocalPosition.x
      value: -0.0168
      objectReference: {fileID: 0}
    - target: {fileID: -8679921383154817045, guid: 615d99e9345535840bde146296be2fd0,
        type: 3}
      propertyPath: m_LocalPosition.y
      value: -0.04567
      objectReference: {fileID: 0}
    - target: {fileID: -8679921383154817045, guid: 615d99e9345535840bde146296be2fd0,
        type: 3}
      propertyPath: m_LocalPosition.z
      value: 0.0214
      objectReference: {fileID: 0}
    - target: {fileID: -8679921383154817045, guid: 615d99e9345535840bde146296be2fd0,
        type: 3}
      propertyPath: m_LocalRotation.x
      value: -0.7071068
      objectReference: {fileID: 0}
    - target: {fileID: -8679921383154817045, guid: 615d99e9345535840bde146296be2fd0,
        type: 3}
      propertyPath: m_LocalRotation.y
      value: -0
      objectReference: {fileID: 0}
    - target: {fileID: -8679921383154817045, guid: 615d99e9345535840bde146296be2fd0,
        type: 3}
      propertyPath: m_LocalRotation.z
      value: -0
      objectReference: {fileID: 0}
    - target: {fileID: -8679921383154817045, guid: 615d99e9345535840bde146296be2fd0,
        type: 3}
      propertyPath: m_LocalRotation.w
      value: 0.7071067
      objectReference: {fileID: 0}
    - target: {fileID: -8679921383154817045, guid: 615d99e9345535840bde146296be2fd0,
        type: 3}
      propertyPath: m_RootOrder
      value: 0
      objectReference: {fileID: 0}
    - target: {fileID: -8679921383154817045, guid: 615d99e9345535840bde146296be2fd0,
        type: 3}
      propertyPath: m_LocalEulerAnglesHint.x
      value: 0
      objectReference: {fileID: 0}
    - target: {fileID: -8679921383154817045, guid: 615d99e9345535840bde146296be2fd0,
        type: 3}
      propertyPath: m_LocalEulerAnglesHint.y
      value: 0
      objectReference: {fileID: 0}
    - target: {fileID: -8679921383154817045, guid: 615d99e9345535840bde146296be2fd0,
        type: 3}
      propertyPath: m_LocalEulerAnglesHint.z
      value: 0
      objectReference: {fileID: 0}
    - target: {fileID: -8679921383154817045, guid: 615d99e9345535840bde146296be2fd0,
        type: 3}
      propertyPath: m_LocalScale.x
      value: 1
      objectReference: {fileID: 0}
    - target: {fileID: -8679921383154817045, guid: 615d99e9345535840bde146296be2fd0,
        type: 3}
      propertyPath: m_LocalScale.y
      value: 1
      objectReference: {fileID: 0}
    - target: {fileID: -8679921383154817045, guid: 615d99e9345535840bde146296be2fd0,
        type: 3}
      propertyPath: m_LocalScale.z
      value: 1
      objectReference: {fileID: 0}
    - target: {fileID: -7511558181221131132, guid: 615d99e9345535840bde146296be2fd0,
        type: 3}
      propertyPath: m_Materials.Array.data[0]
      value: 
      objectReference: {fileID: 2100000, guid: b247a4de8ab21f04d9f7d3a8afb08494, type: 2}
    - target: {fileID: 919132149155446097, guid: 615d99e9345535840bde146296be2fd0,
        type: 3}
      propertyPath: m_Name
      value: Sabzi_Plant
      objectReference: {fileID: 0}
    m_RemovedComponents: []
  m_SourcePrefab: {fileID: 100100000, guid: 615d99e9345535840bde146296be2fd0, type: 3}
--- !u!4 &6174852585514443896 stripped
Transform:
  m_CorrespondingSourceObject: {fileID: -8679921383154817045, guid: 615d99e9345535840bde146296be2fd0,
    type: 3}
  m_PrefabInstance: {fileID: 5925543901355099027}
  m_PrefabAsset: {fileID: 0}
